@article{Chizhov:2009fc,
      author         = "Chizhov, M. V. and Dvali, Gia",
      title          = "{Origin and Phenomenology of Weak-Doublet Spin-1 Bosons}",
      journal        = "Phys. Lett.",
      volume         = "B703",
      year           = "2011",
      pages          = "593-598",
      doi            = "10.1016/j.physletb.2011.08.056",
      eprint         = "0908.0924",
      archivePrefix  = "arXiv",
      primaryClass   = "hep-ph",
      reportNumber   = "CERN-PH-TH-2009-146",
      SLACcitation   = "%%CITATION = ARXIV:0908.0924;%%"
}

% Invisible higgs decay searches
@article{Aad:2015txa,
      author         = "Aad, Georges and others",
      title          = "{Search for invisible decays of a Higgs boson using
                        vector-boson fusion in $pp$ collisions at $\sqrt{s}=8$ TeV
                        with the ATLAS detector}",
      collaboration  = "ATLAS",
      journal        = "JHEP",
      volume         = "01",
      year           = "2016",
      pages          = "172",
      doi            = "10.1007/JHEP01(2016)172",
      eprint         = "1508.07869",
      archivePrefix  = "arXiv",
      primaryClass   = "hep-ex",
      reportNumber   = "CERN-PH-EP-2015-186",
      SLACcitation   = "%%CITATION = ARXIV:1508.07869;%%"
}

@article{Khachatryan:2016whc,
      author         = "Khachatryan, Vardan and others",
      title          = "{Searches for invisible decays of the Higgs boson in pp
                        collisions at $\sqrt{s}$ = 7, 8, and 13 TeV}",
      collaboration  = "CMS",
      journal        = "JHEP",
      volume         = "02",
      year           = "2017",
      pages          = "135",
      doi            = "10.1007/JHEP02(2017)135",
      eprint         = "1610.09218",
      archivePrefix  = "arXiv",
      primaryClass   = "hep-ex",
      reportNumber   = "CMS-HIG-16-016, CERN-EP-2016-240",
      SLACcitation   = "%%CITATION = ARXIV:1610.09218;%%"
}

%Higgs decay into two photons
@article{ATLAS-and-CMS,
      key            = "1393544",
      author         = "ATLAS and CMS Collaborations",
      title          = "{Measurements of the Higgs boson production and decay
                        rates and constraints on its couplings from a combined
                        ATLAS and CMS analysis of the LHC pp collision data at
                        $\sqrt{s}$ = 7 and 8 TeV}",
      year           = "2015",
      reportNumber   = "ATLAS-CONF-2015-044",
      SLACcitation   = "%%CITATION = ATLAS-CONF-2015-044;%%"
}

@article{Aaboud:2018xdt,
      author         = "Aaboud, Morad and others",
      title          = "{Measurements of Higgs boson properties in the diphoton
                        decay channel with 36 fb$^{-1}$ of $pp$ collision data at
                        $\sqrt{s} = 13$ TeV with the ATLAS detector}",
      collaboration  = "ATLAS",
      year           = "2018",
      eprint         = "1802.04146",
      archivePrefix  = "arXiv",
      primaryClass   = "hep-ex",
      reportNumber   = "CERN-EP-2017-288",
      SLACcitation   = "%%CITATION = ARXIV:1802.04146;%%"
}

%%%%%%%%%%%%%%%%%%%%%%%%%% micrOMEGAs package
@article{Belanger:2013oya,
      author         = "Belanger, G. and Boudjema, F. and Pukhov, A. and Semenov,
                        A.",
      title          = "{micrOMEGAs$\_3$: A program for calculating dark matter
                        observables}",
      journal        = "Comput. Phys. Commun.",
      volume         = "185",
      year           = "2014",
      pages          = "960-985",
      doi            = "10.1016/j.cpc.2013.10.016",
      eprint         = "1305.0237",
      archivePrefix  = "arXiv",
      primaryClass   = "hep-ph",
      reportNumber   = "LAPTH-023-13",
      SLACcitation   = "%%CITATION = ARXIV:1305.0237;%%"
}

@article{Belanger:2006is,
      author         = "Belanger, G. and Boudjema, F. and Pukhov, A. and Semenov,
                        A.",
      title          = "{MicrOMEGAs 2.0: A Program to calculate the relic density
                        of dark matter in a generic model}",
      journal        = "Comput. Phys. Commun.",
      volume         = "176",
      year           = "2007",
      pages          = "367-382",
      doi            = "10.1016/j.cpc.2006.11.008",
      eprint         = "hep-ph/0607059",
      archivePrefix  = "arXiv",
      primaryClass   = "hep-ph",
      reportNumber   = "LAPTH-1152-06",
      SLACcitation   = "%%CITATION = HEP-PH/0607059;%%"
}


@article{Belanger:2010gh,
      author         = "Belanger, G. and Boudjema, F. and Brun, P. and Pukhov, A.
                        and Rosier-Lees, S. and Salati, P. and Semenov, A.",
      title          = "{Indirect search for dark matter with micrOMEGAs2.4}",
      journal        = "Comput. Phys. Commun.",
      volume         = "182",
      year           = "2011",
      pages          = "842-856",
      doi            = "10.1016/j.cpc.2010.11.033",
      eprint         = "1004.1092",
      archivePrefix  = "arXiv",
      primaryClass   = "hep-ph",
      reportNumber   = "IRFU-10-24, LAPTH-012-10.",
      SLACcitation   = "%%CITATION = ARXIV:1004.1092;%%"
}

%%%%%%%%%%%%%%%%%%%%%%% Relic Density from Planck

@article{Ade:2013zuv,
      author         = "Ade, P. A. R. and others",
      title          = "{Planck 2013 results. XVI. Cosmological parameters}",
      collaboration  = "Planck",
      journal        = "Astron. Astrophys.",
      volume         = "571",
      year           = "2014",
      pages          = "A16",
      doi            = "10.1051/0004-6361/201321591",
      eprint         = "1303.5076",
      archivePrefix  = "arXiv",
      primaryClass   = "astro-ph.CO",
      reportNumber   = "CERN-PH-TH-2013-129",
      SLACcitation   = "%%CITATION = ARXIV:1303.5076;%%"
}



@article{Planck:2015xua,
      author         = "Ade, P.A.R. and others",
      title          = "{Planck 2015 results. XIII. Cosmological parameters}",
      collaboration  = "Planck",
      year           = "2015",
      eprint         = "1502.01589",
      archivePrefix  = "arXiv",
      primaryClass   = "astro-ph.CO",
      SLACcitation   = "%%CITATION = ARXIV:1502.01589;%%",
}


@article{Hinshaw:2012aka,
      author         = "Hinshaw, G. and others",
      title          = "{Nine-Year Wilkinson Microwave Anisotropy Probe (WMAP)
                        Observations: Cosmological Parameter Results}",
      collaboration  = "WMAP",
      journal        = "Astrophys. J. Suppl.",
      volume         = "208",
      year           = "2013",
      pages          = "19",
      doi            = "10.1088/0067-0049/208/2/19",
      eprint         = "1212.5226",
      archivePrefix  = "arXiv",
      primaryClass   = "astro-ph.CO",
      SLACcitation   = "%%CITATION = ARXIV:1212.5226;%%"
}

%%%%%%%%%%%%% XENON1T results
@article{Aprile:2017iyp,
      author         = "Aprile, E. and others",
      title          = "{First Dark Matter Search Results from the XENON1T
                        Experiment}",
      collaboration  = "XENON",
      journal        = "Phys. Rev. Lett.",
      volume         = "119",
      year           = "2017",
      number         = "18",
      pages          = "181301",
      doi            = "10.1103/PhysRevLett.119.181301",
      eprint         = "1705.06655",
      archivePrefix  = "arXiv",
      primaryClass   = "astro-ph.CO",
      SLACcitation   = "%%CITATION = ARXIV:1705.06655;%%"
}

%%%%%%%%%%%%%%% CalcHEP package
@article{Belyaev:2012qa,
      author         = "Belyaev, Alexander and Christensen, Neil D. and Pukhov,
                        Alexander",
      title          = "{CalcHEP 3.4 for collider physics within and beyond the
                        Standard Model}",
      journal        = "Comput. Phys. Commun.",
      volume         = "184",
      year           = "2013",
      pages          = "1729-1769",
      doi            = "10.1016/j.cpc.2013.01.014",
      eprint         = "1207.6082",
      archivePrefix  = "arXiv",
      primaryClass   = "hep-ph",
      reportNumber   = "PITT-PACC-1209",
      SLACcitation   = "%%CITATION = ARXIV:1207.6082;%%"
}

%%%%%%%%%%%%%%%%% LANHEP
@article{Semenov:2010qt,
      author         = "Semenov, A.",
      title          = "{LanHEP - a package for automatic generation of Feynman
                        rules from the Lagrangian. Updated version 3.1}",
      year           = "2010",
      eprint         = "1005.1909",
      archivePrefix  = "arXiv",
      primaryClass   = "hep-ph",
      SLACcitation   = "%%CITATION = ARXIV:1005.1909;%%"
}

%%%%%%%% LEP II paper
@article{PhysRevD.79.035013,
  title = {Inert doublet model and LEP II limits},
  author = {Lundstr\"om, Erik and Gustafsson, Michael and Edsj\"o, Joakim},
  journal = {Phys. Rev. D},
  volume = {79},
  issue = {3},
  pages = {035013},
  numpages = {13},
  year = {2009},
  month = {Feb},
  publisher = {American Physical Society},
  doi = {10.1103/PhysRevD.79.035013},
  url = {https://link.aps.org/doi/10.1103/PhysRevD.79.035013}
}

%%%%%%%%%%%%%% charged Higgs LEP2 limit %%%%%%%%%%%%%
@article{Pierce:2007ut,
      author         = "Pierce, Aaron and Thaler, Jesse",
      title          = "{Natural Dark Matter from an Unnatural Higgs Boson and
                        New Colored Particles at the TeV Scale}",
      journal        = "JHEP",
      volume         = "08",
      year           = "2007",
      pages          = "026",
      doi            = "10.1088/1126-6708/2007/08/026",
      eprint         = "hep-ph/0703056",
      archivePrefix  = "arXiv",
      primaryClass   = "HEP-PH",
      reportNumber   = "MCTP-07-11",
      SLACcitation   = "%%CITATION = HEP-PH/0703056;%%"
}

@article{Abreu:2000dd,
      author         = "Abreu, P. and others",
      title          = "{Search for neutralino pair production at s**(1/2) =
                        189-GeV}",
      collaboration  = "DELPHI",
      journal        = "Eur. Phys. J.",
      volume         = "C19",
      year           = "2001",
      pages          = "201-212",
      doi            = "10.1007/s100520100615",
      eprint         = "hep-ex/0102034",
      archivePrefix  = "arXiv",
      primaryClass   = "hep-ex",
      reportNumber   = "CERN-EP-2000-133",
      SLACcitation   = "%%CITATION = HEP-EX/0102034;%%"
}

@article{Abbiendi:1999ar,
      author         = "Abbiendi, G. and others",
      title          = "{Search for chargino and neutralino production at
                        S**(1/2) = 189-GeV at LEP}",
      collaboration  = "OPAL",
      journal        = "Eur. Phys. J.",
      volume         = "C14",
      year           = "2000",
      pages          = "187-198",
      note           = "[Erratum: Eur. Phys. J.C16,707(2000)]",
      eprint         = "hep-ex/9909051",
      archivePrefix  = "arXiv",
      primaryClass   = "hep-ex",
      reportNumber   = "CERN-EP-99-123",
      SLACcitation   = "%%CITATION = HEP-EX/9909051;%%"
}

%%%%%%%%% SU(2)doublet 1

@article{Agashe:2009bb,
      author         = "Agashe, Kaustubh and Azatov, Aleksandr and Han, Tao and
                        Li, Yingchuan and Si, Zong-Guo and Zhu, Lijun",
      title          = "{LHC Signals for Coset Electroweak Gauge Bosons in
                        Warped/Composite PGB Higgs Models}",
      journal        = "Phys. Rev.",
      volume         = "D81",
      year           = "2010",
      pages          = "096002",
      doi            = "10.1103/PhysRevD.81.096002",
      eprint         = "0911.0059",
      archivePrefix  = "arXiv",
      primaryClass   = "hep-ph",
      reportNumber   = "UMD-PP-09-057, MADPH-09-1547, NPAC-09-14",
      SLACcitation   = "%%CITATION = ARXIV:0911.0059;%%"
}


%%%% Adjoint rep vectors

@article{CarcamoHernandez:2017pei,
      author         = "C\'arcamo Hern\'andez, A. E. and D\'iaz S\'aez, Basti\'an and
                        Dib, Claudio O. and Zerwekh, Alfonso",
      title          = "{Constraints on vector resonances from a strong Higgs
                        sector}",
      journal        = "Phys. Rev.",
      volume         = "D96",
      year           = "2017",
      number         = "11",
      pages          = "115027",
      doi            = "10.1103/PhysRevD.96.115027",
      eprint         = "1707.05195",
      archivePrefix  = "arXiv",
      primaryClass   = "hep-ph",
      SLACcitation   = "%%CITATION = ARXIV:1707.05195;%%"
}

%%%%% SU(2) doublet 2

@article{Maru:2018ocf,
      author         = "Maru, Nobuhito and Okada, Nobuchika and Okada, Satomi",
      title          = "{$SU(2)_L$ Doublet Vector Dark Matter from Gauge-Higgs
                        Unification}",
      year           = "2018",
      eprint         = "1803.01274",
      archivePrefix  = "arXiv",
      primaryClass   = "hep-ph",
      reportNumber   = "OCU-PHYS 474, YGHP-18-01, OCU-PHYS-474, YGHP-18-01",
      SLACcitation   = "%%CITATION = ARXIV:1803.01274;%%"
}

%%%% Hidden vector DM
@article{Lebedev:2011iq,
      author         = "Lebedev, Oleg and Lee, Hyun Min and Mambrini, Yann",
      title          = "{Vector Higgs-portal dark matter and the invisible
                        Higgs}",
      journal        = "Phys. Lett.",
      volume         = "B707",
      year           = "2012",
      pages          = "570-576",
      doi            = "10.1016/j.physletb.2012.01.029",
      eprint         = "1111.4482",
      archivePrefix  = "arXiv",
      primaryClass   = "hep-ph",
      reportNumber   = "CERN-PH-TH-2011-271, DESY-11-202, LPTORSAY-11-90",
      SLACcitation   = "%%CITATION = ARXIV:1111.4482;%%"
}

%%%%% Hidden vector DM

@article{Hambye:2008bq,
      author         = "Hambye, Thomas",
      title          = "{Hidden vector dark matter}",
      journal        = "JHEP",
      volume         = "01",
      year           = "2009",
      pages          = "028",
      doi            = "10.1088/1126-6708/2009/01/028",
      eprint         = "0811.0172",
      archivePrefix  = "arXiv",
      primaryClass   = "hep-ph",
      reportNumber   = "ULB-TH-08-35",
      SLACcitation   = "%%CITATION = ARXIV:0811.0172;%%"
}

%%%%%%%%%%%%%% 2HDM Anatomy

@article{Belyaev:2016lok,
      author         = "Belyaev, Alexander and Cacciapaglia, Giacomo and Ivanov,
                        Igor P. and Rojas-Abatte, Felipe and Thomas, Marc",
      title          = "{Anatomy of the Inert Two Higgs Doublet Model in the
                        light of the LHC and non-LHC Dark Matter Searches}",
      journal        = "Phys. Rev.",
      volume         = "D97",
      year           = "2018",
      number         = "3",
      pages          = "035011",
      doi            = "10.1103/PhysRevD.97.035011",
      eprint         = "1612.00511",
      archivePrefix  = "arXiv",
      primaryClass   = "hep-ph",
      SLACcitation   = "%%CITATION = ARXIV:1612.00511;%%"
}



@inproceedings{Willenbrock:2004hu,
      author         = "Willenbrock, Scott",
      title          = "{Symmetries of the standard model}",
      booktitle      = "{Physics in D >= 4. Proceedings, Theoretical Advanced
                        Study Institute in elementary particle physics, TASI 2004,
                        Boulder, USA, June 6-July 2, 2004}",
      year           = "2004",
      pages          = "3-38",
      eprint         = "hep-ph/0410370",
      archivePrefix  = "arXiv",
      primaryClass   = "hep-ph",
      SLACcitation   = "%%CITATION = HEP-PH/0410370;%%"
}


%%%%---- papers section oblique parameters------

@article{Peskin:1991sw,
      author         = "Peskin, Michael E. and Takeuchi, Tatsu",
      title          = "{Estimation of oblique electroweak corrections}",
      journal        = "Phys. Rev.",
      volume         = "D46",
      year           = "1992",
      pages          = "381-409",
      doi            = "10.1103/PhysRevD.46.381",
      reportNumber   = "SLAC-PUB-5618",
      SLACcitation   = "%%CITATION = PHRVA,D46,381;%%"
}


@article{Peskin:1990zt,
      author         = "Peskin, Michael E. and Takeuchi, Tatsu",
      title          = "{A New constraint on a strongly interacting Higgs
                        sector}",
      journal        = "Phys. Rev. Lett.",
      volume         = "65",
      year           = "1990",
      pages          = "964-967",
      doi            = "10.1103/PhysRevLett.65.964",
      reportNumber   = "SLAC-PUB-5272",
      SLACcitation   = "%%CITATION = PRLTA,65,964;%%"
}


@article{Maksymyk:1993zm,
      author         = "Maksymyk, I. and Burgess, C. P. and London, David",
      title          = "{Beyond S, T and U}",
      journal        = "Phys. Rev.",
      volume         = "D50",
      year           = "1994",
      pages          = "529-535",
      doi            = "10.1103/PhysRevD.50.529",
      eprint         = "hep-ph/9306267",
      archivePrefix  = "arXiv",
      primaryClass   = "hep-ph",
      reportNumber   = "MCGILL-93-13, UDEM-LPN-TH-93-151",
      SLACcitation   = "%%CITATION = HEP-PH/9306267;%%"
}

@article{Kundu:1996ah,
      author         = "Kundu, Anirban and Roy, Probir",
      title          = "{A General treatment of oblique parameters}",
      journal        = "Int. J. Mod. Phys.",
      volume         = "A12",
      year           = "1997",
      pages          = "1511-1530",
      doi            = "10.1142/S0217751X97001079",
      eprint         = "hep-ph/9603323",
      archivePrefix  = "arXiv",
      primaryClass   = "hep-ph",
      reportNumber   = "TIFR-TH-96-15",
      SLACcitation   = "%%CITATION = HEP-PH/9603323;%%"
}

@article{Funk:2011ad,
      author         = "Funk, Gerhardt and O'Neil, Deva and Winters, R. Michael",
      title          = "{What the Oblique Parameters S, T, and U and Their
                        Extensions Reveal About the 2HDM: A Numerical Analysis}",
      journal        = "Int. J. Mod. Phys.",
      volume         = "A27",
      year           = "2012",
      pages          = "1250021",
      doi            = "10.1142/S0217751X12500212",
      eprint         = "1110.3812",
      archivePrefix  = "arXiv",
      primaryClass   = "hep-ph",
      SLACcitation   = "%%CITATION = ARXIV:1110.3812;%%"
}


@inproceedings{Romao:2016ien,
      author         = "Rom\~ao, Jorge C.",
      title          = "{The need for the Higgs boson in the Standard Model}",
      url            = "https://inspirehep.net/record/1427433/files/arXiv:1603.04251.pdf",
      year           = "2016",
      eprint         = "1603.04251",
      archivePrefix  = "arXiv",
      primaryClass   = "hep-ph",
      SLACcitation   = "%%CITATION = ARXIV:1603.04251;%%"
}

@article{Abdallah:2015ter,
      author         = "Abdallah, Jalal and others",
      title          = "{Simplified Models for Dark Matter Searches at the LHC}",
      journal        = "Phys. Dark Univ.",
      volume         = "9-10",
      year           = "2015",
      pages          = "8-23",
      doi            = "10.1016/j.dark.2015.08.001",
      eprint         = "1506.03116",
      archivePrefix  = "arXiv",
      primaryClass   = "hep-ph",
      reportNumber   = "FERMILAB-PUB-15-283-CD, CERN-PH-TH-2015-139",
      SLACcitation   = "%%CITATION = ARXIV:1506.03116;%%"
}

@article{Kahlhoefer:2015bea,
      author         = "Kahlhoefer, Felix and Schmidt-Hoberg, Kai and Schwetz,
                        Thomas and Vogl, Stefan",
      title          = "{Implications of unitarity and gauge invariance for
                        simplified dark matter models}",
      journal        = "JHEP",
      volume         = "02",
      year           = "2016",
      pages          = "016",
      doi            = "10.1007/JHEP02(2016)016",
      eprint         = "1510.02110",
      archivePrefix  = "arXiv",
      primaryClass   = "hep-ph",
      reportNumber   = "DESY-15-182",
      SLACcitation   = "%%CITATION = ARXIV:1510.02110;%%"
}

@article{Pappadopulo:2014qza,
      author         = "Pappadopulo, Duccio and Thamm, Andrea and Torre, Riccardo
                        and Wulzer, Andrea",
      title          = "{Heavy Vector Triplets: Bridging Theory and Data}",
      journal        = "JHEP",
      volume         = "09",
      year           = "2014",
      pages          = "060",
      doi            = "10.1007/JHEP09(2014)060",
      eprint         = "1402.4431",
      archivePrefix  = "arXiv",
      primaryClass   = "hep-ph",
      SLACcitation   = "%%CITATION = ARXIV:1402.4431;%%"
}

@article{Schmaltz:2010xr,
      author         = "Schmaltz, Martin and Spethmann, Christian",
      title          = "{Two Simple W' Models for the Early LHC}",
      journal        = "JHEP",
      volume         = "07",
      year           = "2011",
      pages          = "046",
      doi            = "10.1007/JHEP07(2011)046",
      eprint         = "1011.5918",
      archivePrefix  = "arXiv",
      primaryClass   = "hep-ph",
      SLACcitation   = "%%CITATION = ARXIV:1011.5918;%%"
}

@article{Cvetic:1995zs,
      author         = "Cvetic, Mirjam and Godfrey, Stephen",
      title          = "{Discovery and identification of extra gauge bosons}",
      year           = "1995",
      pages          = "383-415",
      doi            = "10.1142/9789812830265_0007",
      eprint         = "hep-ph/9504216",
      archivePrefix  = "arXiv",
      primaryClass   = "hep-ph",
      reportNumber   = "OCIP-C-95-2, UPR-648-T",
      SLACcitation   = "%%CITATION = HEP-PH/9504216;%%"
}

@article{Contino:2011np,
      author         = "Contino, Roberto and Marzocca, David and Pappadopulo,
                        Duccio and Rattazzi, Riccardo",
      title          = "{On the effect of resonances in composite Higgs
                        phenomenology}",
      journal        = "JHEP",
      volume         = "10",
      year           = "2011",
      pages          = "081",
      doi            = "10.1007/JHEP10(2011)081",
      eprint         = "1109.1570",
      archivePrefix  = "arXiv",
      primaryClass   = "hep-ph",
      SLACcitation   = "%%CITATION = ARXIV:1109.1570;%%"
}

@article{Barbieri:2006dq,
      author         = "Barbieri, Riccardo and Hall, Lawrence J. and Rychkov,
                        Vyacheslav S.",
      title          = "{Improved naturalness with a heavy Higgs: An Alternative
                        road to LHC physics}",
      journal        = "Phys. Rev.",
      volume         = "D74",
      year           = "2006",
      pages          = "015007",
      doi            = "10.1103/PhysRevD.74.015007",
      eprint         = "hep-ph/0603188",
      archivePrefix  = "arXiv",
      primaryClass   = "hep-ph",
      reportNumber   = "UCB-PTH-06-04, LBNL-59894",
      SLACcitation   = "%%CITATION = HEP-PH/0603188;%%"
}

@inproceedings{Hewett:1993ks,
      author         = "Hewett, J. L. and Rizzo, T. G. and Pakvasa, S. and Haber,
                        H. E. and Pomarol, A.",
      title          = "{Vector leptoquark production at hadron colliders}",
      booktitle      = "{Workshop on Physics at Current Accelerators and the
                        Supercollider Argonne, Illinois, June 2-5, 1993}",
      year           = "1993",
      pages          = "0539-546",
      eprint         = "hep-ph/9310361",
      archivePrefix  = "arXiv",
      primaryClass   = "hep-ph",
      reportNumber   = "ANL-HEP-CP-93-52, UH-511-775-93, SCIPP-93-36",
      SLACcitation   = "%%CITATION = HEP-PH/9310361;%%"
}

@article{Belyaev:2018ext,
      author         = "Belyaev, A. and Fernandez Perez Tomei, T. R. and
                        Mercadante, P. G. and Moon, C. S. and Moretti, S. and
                        Novaes, S. F. and Panizzi, L. and Rojas, F. and Thomas,
                        M.",
      title          = "{Advancing LHC Probes of Dark Matter from the Inert
                        2-Higgs Doublet Model with the Mono-jet Signal}",
      year           = "2018",
      eprint         = "1809.00933",
      archivePrefix  = "arXiv",
      primaryClass   = "hep-ph",
      SLACcitation   = "%%CITATION = ARXIV:1809.00933;%%"
}

@article{Belyaev:2016pxe,
      author         = "Belyaev, Alexander and Panizzi, Luca and Pukhov,
                        Alexander and Thomas, Marc",
      title          = "{Dark Matter characterization at the LHC in the Effective
                        Field Theory approach}",
      journal        = "JHEP",
      volume         = "04",
      year           = "2017",
      pages          = "110",
      doi            = "10.1007/JHEP04(2017)110",
      eprint         = "1610.07545",
      archivePrefix  = "arXiv",
      primaryClass   = "hep-ph",
      SLACcitation   = "%%CITATION = ARXIV:1610.07545;%%"
}



@article{delAguila:2010mx,
      author         = "del Aguila, F. and de Blas, J. and Perez-Victoria, M.",
      title          = "{Electroweak Limits on General New Vector Bosons}",
      journal        = "JHEP",
      volume         = "09",
      year           = "2010",
      pages          = "033",
      doi            = "10.1007/JHEP09(2010)033",
      eprint         = "1005.3998",
      archivePrefix  = "arXiv",
      primaryClass   = "hep-ph",
      reportNumber   = "UG-FT-272-10, CAFPE-142-10",
      SLACcitation   = "%%CITATION = ARXIV:1005.3998;%%"
}

@article{Busoni:2013lha,
      author         = "Busoni, Giorgio and De Simone, Andrea and Morgante,
                        Enrico and Riotto, Antonio",
      title          = "{On the Validity of the Effective Field Theory for Dark
                        Matter Searches at the LHC}",
      journal        = "Phys. Lett.",
      volume         = "B728",
      year           = "2014",
      pages          = "412-421",
      doi            = "10.1016/j.physletb.2013.11.069",
      eprint         = "1307.2253",
      archivePrefix  = "arXiv",
      primaryClass   = "hep-ph",
      reportNumber   = "CERN-PH-TH-2013-151, SISSA-29-2013-FISI",
      SLACcitation   = "%%CITATION = ARXIV:1307.2253;%%"
}

@article{Busoni:2014sya,
      author         = "Busoni, Giorgio and De Simone, Andrea and Gramling,
                        Johanna and Morgante, Enrico and Riotto, Antonio",
      title          = "{On the Validity of the Effective Field Theory for Dark
                        Matter Searches at the LHC, Part II: Complete Analysis for
                        the $s$-channel}",
      journal        = "JCAP",
      volume         = "1406",
      year           = "2014",
      pages          = "060",
      doi            = "10.1088/1475-7516/2014/06/060",
      eprint         = "1402.1275",
      archivePrefix  = "arXiv",
      primaryClass   = "hep-ph",
      reportNumber   = "SISSA-04-2014-FISI",
      SLACcitation   = "%%CITATION = ARXIV:1402.1275;%%"
}

@article{Beltran:2010ww,
      author         = "Beltran, Maria and Hooper, Dan and Kolb, Edward W. and
                        Krusberg, Zosia A. C. and Tait, Tim M. P.",
      title          = "{Maverick dark matter at colliders}",
      journal        = "JHEP",
      volume         = "09",
      year           = "2010",
      pages          = "037",
      doi            = "10.1007/JHEP09(2010)037",
      eprint         = "1002.4137",
      archivePrefix  = "arXiv",
      primaryClass   = "hep-ph",
      reportNumber   = "FERMILAB-PUB-10-092-A",
      SLACcitation   = "%%CITATION = ARXIV:1002.4137;%%"
}



@article{Fitzpatrick:2012ix,
      author         = "Fitzpatrick, A. Liam and Haxton, Wick and Katz, Emanuel
                        and Lubbers, Nicholas and Xu, Yiming",
      title          = "{The Effective Field Theory of Dark Matter Direct
                        Detection}",
      journal        = "JCAP",
      volume         = "1302",
      year           = "2013",
      pages          = "004",
      doi            = "10.1088/1475-7516/2013/02/004",
      eprint         = "1203.3542",
      archivePrefix  = "arXiv",
      primaryClass   = "hep-ph",
      SLACcitation   = "%%CITATION = ARXIV:1203.3542;%%"
}


@article{Bai:2010hh,
      author         = "Bai, Yang and Fox, Patrick J. and Harnik, Roni",
      title          = "{The Tevatron at the Frontier of Dark Matter Direct
                        Detection}",
      journal        = "JHEP",
      volume         = "12",
      year           = "2010",
      pages          = "048",
      doi            = "10.1007/JHEP12(2010)048",
      eprint         = "1005.3797",
      archivePrefix  = "arXiv",
      primaryClass   = "hep-ph",
      reportNumber   = "FERMILAB-PUB-10-143-T",
      SLACcitation   = "%%CITATION = ARXIV:1005.3797;%%"
}

@article{Buckley:2014fba,
      author         = "Buckley, Matthew R. and Feld, David and Goncalves,
                        Dorival",
      title          = "{Scalar Simplified Models for Dark Matter}",
      journal        = "Phys. Rev.",
      volume         = "D91",
      year           = "2015",
      pages          = "015017",
      doi            = "10.1103/PhysRevD.91.015017",
      eprint         = "1410.6497",
      archivePrefix  = "arXiv",
      primaryClass   = "hep-ph",
      reportNumber   = "IPPP-14-92, DCPT-14-184",
      SLACcitation   = "%%CITATION = ARXIV:1410.6497;%%"
}

@article{Buchmueller:2014yoa,
      author         = "Buchmueller, Oliver and Dolan, Matthew J. and Malik,
                        Sarah A. and McCabe, Christopher",
      title          = "{Characterising dark matter searches at colliders and
                        direct detection experiments: Vector mediators}",
      journal        = "JHEP",
      volume         = "01",
      year           = "2015",
      pages          = "037",
      doi            = "10.1007/JHEP01(2015)037",
      eprint         = "1407.8257",
      archivePrefix  = "arXiv",
      primaryClass   = "hep-ph",
      reportNumber   = "IPPP-14-68, DCPT-14-136, SLAC-PUB-16033",
      SLACcitation   = "%%CITATION = ARXIV:1407.8257;%%"
}

@article{Buchmueller:2013dya,
      author         = "Buchmueller, O. and Dolan, Matthew J. and McCabe,
                        Christopher",
      title          = "{Beyond Effective Field Theory for Dark Matter Searches
                        at the LHC}",
      journal        = "JHEP",
      volume         = "01",
      year           = "2014",
      pages          = "025",
      doi            = "10.1007/JHEP01(2014)025",
      eprint         = "1308.6799",
      archivePrefix  = "arXiv",
      primaryClass   = "hep-ph",
      reportNumber   = "IPPP-13-63, DCPT-13-128",
      SLACcitation   = "%%CITATION = ARXIV:1308.6799;%%"
}

@article{Abdallah:2015ter,
      author         = "Abdallah, Jalal and others",
      title          = "{Simplified Models for Dark Matter Searches at the LHC}",
      journal        = "Phys. Dark Univ.",
      volume         = "9-10",
      year           = "2015",
      pages          = "8-23",
      doi            = "10.1016/j.dark.2015.08.001",
      eprint         = "1506.03116",
      archivePrefix  = "arXiv",
      primaryClass   = "hep-ph",
      reportNumber   = "FERMILAB-PUB-15-283-CD, CERN-PH-TH-2015-139",
      SLACcitation   = "%%CITATION = ARXIV:1506.03116;%%"
}

@article{Abdallah:2014hon,
      author         = "Abdallah, Jalal and others",
      title          = "{Simplified Models for Dark Matter and Missing Energy
                        Searches at the LHC}",
      year           = "2014",
      eprint         = "1409.2893",
      archivePrefix  = "arXiv",
      primaryClass   = "hep-ph",
      reportNumber   = "FERMILAB-FN-0990-PPD",
      SLACcitation   = "%%CITATION = ARXIV:1409.2893;%%"
}

@article{Belyaev:2018xpf,
      author         = "Belyaev, Alexander and Cacciapaglia, Giacomo and Mckay,
                        James and Marin, Dixon and Zerwekh, Alfonso R.",
      title          = "{Minimal Spin-one Isotriplet Dark Matter}",
      year           = "2018",
      eprint         = "1808.10464",
      archivePrefix  = "arXiv",
      primaryClass   = "hep-ph",
      SLACcitation   = "%%CITATION = ARXIV:1808.10464;%%"
}

@article{Farzan:2012hh,
      author         = "Farzan, Yasaman and Akbarieh, Amin Rezaei",
      title          = "{VDM: A model for Vector Dark Matter}",
      journal        = "JCAP",
      volume         = "1210",
      year           = "2012",
      pages          = "026",
      doi            = "10.1088/1475-7516/2012/10/026",
      eprint         = "1207.4272",
      archivePrefix  = "arXiv",
      primaryClass   = "hep-ph",
      SLACcitation   = "%%CITATION = ARXIV:1207.4272;%%"
}

@article{Kanemura:2010sh,
      author         = "Kanemura, Shinya and Matsumoto, Shigeki and Nabeshima,
                        Takehiro and Okada, Nobuchika",
      title          = "{Can WIMP Dark Matter overcome the Nightmare Scenario?}",
      journal        = "Phys. Rev.",
      volume         = "D82",
      year           = "2010",
      pages          = "055026",
      doi            = "10.1103/PhysRevD.82.055026",
      eprint         = "1005.5651",
      archivePrefix  = "arXiv",
      primaryClass   = "hep-ph",
      reportNumber   = "UT-HET-039",
      SLACcitation   = "%%CITATION = ARXIV:1005.5651;%%"
}

@article{Djouadi:2011aa,
      author         = "Djouadi, Abdelhak and Lebedev, Oleg and Mambrini, Yann
                        and Quevillon, Jeremie",
      title          = "{Implications of LHC searches for Higgs--portal dark
                        matter}",
      journal        = "Phys. Lett.",
      volume         = "B709",
      year           = "2012",
      pages          = "65-69",
      doi            = "10.1016/j.physletb.2012.01.062",
      eprint         = "1112.3299",
      archivePrefix  = "arXiv",
      primaryClass   = "hep-ph",
      reportNumber   = "DESY-11-240, LPT-ORSAY-11-117",
      SLACcitation   = "%%CITATION = ARXIV:1112.3299;%%"
}

@article{Baek:2012se,
      author         = "Baek, Seungwon and Ko, P. and Park, Wan-Il and Senaha,
                        Eibun",
      title          = "{Higgs Portal Vector Dark Matter : Revisited}",
      journal        = "JHEP",
      volume         = "05",
      year           = "2013",
      pages          = "036",
      doi            = "10.1007/JHEP05(2013)036",
      eprint         = "1212.2131",
      archivePrefix  = "arXiv",
      primaryClass   = "hep-ph",
      reportNumber   = "KIAS-P12082",
      SLACcitation   = "%%CITATION = ARXIV:1212.2131;%%"
}

@article{Gross:2015cwa,
      author         = "Gross, Christian and Lebedev, Oleg and Mambrini, Yann",
      title          = "{Non-Abelian gauge fields as dark matter}",
      journal        = "JHEP",
      volume         = "08",
      year           = "2015",
      pages          = "158",
      doi            = "10.1007/JHEP08(2015)158",
      eprint         = "1505.07480",
      archivePrefix  = "arXiv",
      primaryClass   = "hep-ph",
      SLACcitation   = "%%CITATION = ARXIV:1505.07480;%%"
}

@article{DiChiara:2015bua,
      author         = "Di Chiara, Stefano and Tuominen, Kimmo",
      title          = "{A minimal model for SU(N ) vector dark matter}",
      journal        = "JHEP",
      volume         = "11",
      year           = "2015",
      pages          = "188",
      doi            = "10.1007/JHEP11(2015)188",
      eprint         = "1506.03285",
      archivePrefix  = "arXiv",
      primaryClass   = "hep-ph",
      reportNumber   = "HIP-2015-18-TH",
      SLACcitation   = "%%CITATION = ARXIV:1506.03285;%%"
}

@article{Yu:2014pra,
      author         = "Yu, Jiang-Hao",
      title          = "{Vector Fermion-Portal Dark Matter: Direct Detection and
                        Galactic Center Gamma-Ray Excess}",
      journal        = "Phys. Rev.",
      volume         = "D90",
      year           = "2014",
      number         = "9",
      pages          = "095010",
      doi            = "10.1103/PhysRevD.90.095010",
      eprint         = "1409.3227",
      archivePrefix  = "arXiv",
      primaryClass   = "hep-ph",
      reportNumber   = "UTTG-19-14, TCC-021-14",
      SLACcitation   = "%%CITATION = ARXIV:1409.3227;%%"
}

@article{Tulin:2017ara,
      author         = "Tulin, Sean and Yu, Hai-Bo",
      title          = "{Dark Matter Self-interactions and Small Scale
                        Structure}",
      journal        = "Phys. Rept.",
      volume         = "730",
      year           = "2018",
      pages          = "1-57",
      doi            = "10.1016/j.physrep.2017.11.004",
      eprint         = "1705.02358",
      archivePrefix  = "arXiv",
      primaryClass   = "hep-ph",
      SLACcitation   = "%%CITATION = ARXIV:1705.02358;%%"
}

@article{Cirelli:2005uq,
      author         = "Cirelli, Marco and Fornengo, Nicolao and Strumia,
                        Alessandro",
      title          = "{Minimal dark matter}",
      journal        = "Nucl. Phys.",
      volume         = "B753",
      year           = "2006",
      pages          = "178-194",
      doi            = "10.1016/j.nuclphysb.2006.07.012",
      eprint         = "hep-ph/0512090",
      archivePrefix  = "arXiv",
      primaryClass   = "hep-ph",
      reportNumber   = "DFTT40-2005, IFUP-TH-2005-34",
      SLACcitation   = "%%CITATION = HEP-PH/0512090;%%"
}

@article{Mizukoshi:2010ky,
      author         = "Mizukoshi, J. K. and de S. Pires, C. A. and Queiroz, F.
                        S. and Rodrigues da Silva, P. S.",
      title          = "{WIMPs in a 3-3-1 model with heavy Sterile neutrinos}",
      journal        = "Phys. Rev.",
      volume         = "D83",
      year           = "2011",
      pages          = "065024",
      doi            = "10.1103/PhysRevD.83.065024",
      eprint         = "1010.4097",
      archivePrefix  = "arXiv",
      primaryClass   = "hep-ph",
      SLACcitation   = "%%CITATION = ARXIV:1010.4097;%%"
}


@article{Dong:2017zxo,
      author         = "Dong, P. V. and Huong, D. T. and Queiroz, Farinaldo S.
                        and Valle, José W. F. and Vaquera-Araujo, C. A.",
      title          = "{The Dark Side of Flipped Trinification}",
      journal        = "JHEP",
      volume         = "04",
      year           = "2018",
      pages          = "143",
      doi            = "10.1007/JHEP04(2018)143",
      eprint         = "1710.06951",
      archivePrefix  = "arXiv",
      primaryClass   = "hep-ph",
      reportNumber   = "IFIC-17-XX",
      SLACcitation   = "%%CITATION = ARXIV:1710.06951;%%"
}

@article{Kobel:315298,
      author        = "Kobel, M",
      title         = "{Measurements of Four-Fermion Production via Neutral
                       Elektroweak Currents at LEP}",
      number        = "hep-ex/9611015. FREIBURG-EHEP-96-02",
      pages         = "4 p",
      month         = "Nov",
      year          = "1996",
      reportNumber  = "hep-ex/9611015",
      url           = "https://cds.cern.ch/record/315298",
}

@article{Lee:1977eg,
      author         = "Lee, Benjamin W. and Quigg, C. and Thacker, H. B.",
      title          = "{Weak Interactions at Very High-Energies: The Role of the
                        Higgs Boson Mass}",
      journal        = "Phys. Rev.",
      volume         = "D16",
      year           = "1977",
      pages          = "1519",
      doi            = "10.1103/PhysRevD.16.1519",
      reportNumber   = "FERMILAB-PUB-77-30-THY, FERMILAB-PUB-77-030-T",
      SLACcitation   = "%%CITATION = PHRVA,D16,1519;%%"
}

@article{LopezHonorez:2006gr,
      author         = "Lopez Honorez, Laura and Nezri, Emmanuel and Oliver,
                        Josep F. and Tytgat, Michel H. G.",
      title          = "{The Inert Doublet Model: An Archetype for Dark Matter}",
      journal        = "JCAP",
      volume         = "0702",
      year           = "2007",
      pages          = "028",
      doi            = "10.1088/1475-7516/2007/02/028",
      eprint         = "hep-ph/0612275",
      archivePrefix  = "arXiv",
      primaryClass   = "hep-ph",
      reportNumber   = "ULB-TH-06-27",
      SLACcitation   = "%%CITATION = HEP-PH/0612275;%%"
}

@article{Aad:2015txa,
      author         = "Aad, Georges and others",
      title          = "{Search for invisible decays of a Higgs boson using
                        vector-boson fusion in $pp$ collisions at $\sqrt{s}=8$ TeV
                        with the ATLAS detector}",
      collaboration  = "ATLAS",
      journal        = "JHEP",
      volume         = "01",
      year           = "2016",
      pages          = "172",
      doi            = "10.1007/JHEP01(2016)172",
      eprint         = "1508.07869",
      archivePrefix  = "arXiv",
      primaryClass   = "hep-ex",
      reportNumber   = "CERN-PH-EP-2015-186",
      SLACcitation   = "%%CITATION = ARXIV:1508.07869;%%"
}



%%% contains utf-8, see: https://inspirehep.net/info/faq/general#utf8
%%% add \usepackage[utf8]{inputenc} to your latex preamble

@article{Goudelis:2013uca,
      author         = "Goudelis, A. and Herrmann, B. and Stal, O.",
      title          = "{Dark matter in the Inert Doublet Model after the
                        discovery of a Higgs-like boson at the LHC}",
      journal        = "JHEP",
      volume         = "09",
      year           = "2013",
      pages          = "106",
      doi            = "10.1007/JHEP09(2013)106",
      eprint         = "1303.3010",
      archivePrefix  = "arXiv",
      primaryClass   = "hep-ph",
      reportNumber   = "LAPTH-006-13",
      SLACcitation   = "%%CITATION = ARXIV:1303.3010;%%"
}



@article{Arhrib:2013ela,
      author         = "Arhrib, Abdesslam and Tsai, Yue-Lin Sming and Yuan, Qiang
                        and Yuan, Tzu-Chiang",
      title          = "{An Updated Analysis of Inert Higgs Doublet Model in
                        light of the Recent Results from LUX, PLANCK, AMS-02 and
                        LHC}",
      journal        = "JCAP",
      volume         = "1406",
      year           = "2014",
      pages          = "030",
      doi            = "10.1088/1475-7516/2014/06/030",
      eprint         = "1310.0358",
      archivePrefix  = "arXiv",
      primaryClass   = "hep-ph",
      SLACcitation   = "%%CITATION = ARXIV:1310.0358;%%"
}

@article{Ilnicka:2015jba,
      author         = "Ilnicka, Agnieszka and Krawczyk, Maria and Robens, Tania",
      title          = "{Inert Doublet Model in light of LHC Run I and
                        astrophysical data}",
      journal        = "Phys. Rev.",
      volume         = "D93",
      year           = "2016",
      number         = "5",
      pages          = "055026",
      doi            = "10.1103/PhysRevD.93.055026",
      eprint         = "1508.01671",
      archivePrefix  = "arXiv",
      primaryClass   = "hep-ph",
      SLACcitation   = "%%CITATION = ARXIV:1508.01671;%%"
}

@article{PhysRevD.85.056011,
  title = {Missing energy signatures of dark matter at the LHC},
  author = {Fox, Patrick J. and Harnik, Roni and Kopp, Joachim and Tsai, Yuhsin},
  journal = {Phys. Rev. D},
  volume = {85},
  issue = {5},
  pages = {056011},
  numpages = {15},
  year = {2012},
  month = {Mar},
  publisher = {American Physical Society},
  doi = {10.1103/PhysRevD.85.056011},
  url = {https://link.aps.org/doi/10.1103/PhysRevD.85.056011}
}

@article{PhysRevD.84.095013,
  title = {LHC bounds on interactions of dark matter},
  author = {Rajaraman, Arvind and Shepherd, William and Tait, Tim M. P. and Wijangco, Alexander M.},
  journal = {Phys. Rev. D},
  volume = {84},
  issue = {9},
  pages = {095013},
  numpages = {7},
  year = {2011},
  month = {Nov},
  publisher = {American Physical Society},
  doi = {10.1103/PhysRevD.84.095013},
  url = {https://link.aps.org/doi/10.1103/PhysRevD.84.095013}
}


@electronic{maxima,
  author = {Maxima},
  year = {2017},
  title = {Maxima, a Computer Algebra System.  Version 5.41.0},
  address = {http://maxima.sourceforge.net/},
  url = {http://maxima.sourceforge.net/},
  owner = {maxima},
  timestamp = {2014.09.08}
}

@electronic{Dirac2,
  author = {Edwin L. Woollett},
  year = {2012},
  title = {Dirac2: A High Energy Physics package for Maxima},
  address = {http://web.csulb.edu/~woollett/},
  url = {http://web.csulb.edu/~woollett/},
  owner = {Edwin L. Woollett},
  timestamp = {}
}

@article{Cao:2007rm,
      author         = "Cao, Qing-Hong and Ma, Ernest and Rajasekaran, G.",
      title          = "{Observing the Dark Scalar Doublet and its Impact on the
                        Standard-Model Higgs Boson at Colliders}",
      journal        = "Phys. Rev.",
      volume         = "D76",
      year           = "2007",
      pages          = "095011",
      doi            = "10.1103/PhysRevD.76.095011",
      eprint         = "0708.2939",
      archivePrefix  = "arXiv",
      primaryClass   = "hep-ph",
      reportNumber   = "UCRHEP-T437",
      SLACcitation   = "%%CITATION = ARXIV:0708.2939;%%"
}

@article{Gustafsson:2007pc,
      author         = "Gustafsson, Michael and Lundstrom, Erik and Bergstrom,
                        Lars and Edsjo, Joakim",
      title          = "{Significant Gamma Lines from Inert Higgs Dark Matter}",
      journal        = "Phys. Rev. Lett.",
      volume         = "99",
      year           = "2007",
      pages          = "041301",
      doi            = "10.1103/PhysRevLett.99.041301",
      eprint         = "astro-ph/0703512",
      archivePrefix  = "arXiv",
      primaryClass   = "ASTRO-PH",
      SLACcitation   = "%%CITATION = ASTRO-PH/0703512;%%"
}

%I2HDM
@article{PhysRevD.18.2574,
  title = {Pattern of symmetry breaking with two Higgs doublets},
  author = {Deshpande, Nilendra G. and Ma, Ernest},
  journal = {Phys. Rev. D},
  volume = {18},
  issue = {7},
  pages = {2574--2576},
  numpages = {0},
  year = {1978},
  month = {Oct},
  publisher = {American Physical Society},
  doi = {10.1103/PhysRevD.18.2574},
  url = {https://link.aps.org/doi/10.1103/PhysRevD.18.2574}
}

@article{DiazCruz:2010dc,
      author         = "Diaz-Cruz, J. Lorenzo and Ma, Ernest",
      title          = "{Neutral SU(2) Gauge Extension of the Standard Model and
                        a Vector-Boson Dark-Matter Candidate}",
      journal        = "Phys. Lett.",
      volume         = "B695",
      year           = "2011",
      pages          = "264-267",
      doi            = "10.1016/j.physletb.2010.11.039",
      eprint         = "1007.2631",
      archivePrefix  = "arXiv",
      primaryClass   = "hep-ph",
      reportNumber   = "UCRHEP-T494",
      SLACcitation   = "%%CITATION = ARXIV:1007.2631;%%"
}

@article{Servant:2002aq,
      author         = "Servant, Geraldine and Tait, Timothy M. P.",
      title          = "{Is the lightest Kaluza-Klein particle a viable dark
                        matter candidate?}",
      journal        = "Nucl. Phys.",
      volume         = "B650",
      year           = "2003",
      pages          = "391-419",
      doi            = "10.1016/S0550-3213(02)01012-X",
      eprint         = "hep-ph/0206071",
      archivePrefix  = "arXiv",
      primaryClass   = "hep-ph",
      reportNumber   = "ANL-HEP-PR-02-032, EFI-02-74",
      SLACcitation   = "%%CITATION = HEP-PH/0206071;%%"
}

@article{Birkedal:2006fz,
      author         = "Birkedal, Andreas and Noble, Andrew and Perelstein, Maxim
                        and Spray, Andrew",
      title          = "{Little Higgs dark matter}",
      journal        = "Phys. Rev.",
      volume         = "D74",
      year           = "2006",
      pages          = "035002",
      doi            = "10.1103/PhysRevD.74.035002",
      eprint         = "hep-ph/0603077",
      archivePrefix  = "arXiv",
      primaryClass   = "hep-ph",
      SLACcitation   = "%%CITATION = HEP-PH/0603077;%%"
}

@article{Abe:2012hb,
      author         = "Abe, Tomohiro and Kakizaki, Mitsuru and Matsumoto,
                        Shigeki and Seto, Osamu",
      title          = "{Vector WIMP Miracle}",
      journal        = "Phys. Lett.",
      volume         = "B713",
      year           = "2012",
      pages          = "211-215",
      doi            = "10.1016/j.physletb.2012.05.051",
      eprint         = "1202.5902",
      archivePrefix  = "arXiv",
      primaryClass   = "hep-ph",
      reportNumber   = "UT-HET-063, IPMU12-0029, HGU-CAP-14",
      SLACcitation   = "%%CITATION = ARXIV:1202.5902;%%"
}



